@book{bakhtinSpeechGenresOther1987,
  title = {Speech {{Genres}} and {{Other Late Essays}}},
  author = {Bakhtin, M. M.},
  editor = {Emerson, Caryl and Holquist, Michael},
  translator = {McGee, Vern W.},
  year = {1987},
  month = jan,
  edition = {2nd Edition},
  publisher = {{University of Texas Press}},
  address = {{Austin}},
  isbn = {978-0-292-77560-2},
  langid = {english}
}

@incollection{fernandezDialogue2014,
  title = {Dialogue},
  booktitle = {The {{Oxford Handbook}} of {{Computational Linguistics}} 2nd Edition},
  author = {Fernandez, Raquel},
  editor = {Mitkov, Ruslan},
  year = {2014},
  month = apr,
  edition = {Second},
  publisher = {{Oxford University Press}},
  doi = {10.1093/oxfordhb/9780199573691.001.0001},
  urldate = {2023-01-17},
  isbn = {978-0-19-957369-1 978-0-19-174964-3},
  langid = {english}
}

@incollection{gumperzSpeechCommunity1972,
  title = {The {{Speech Community}}},
  booktitle = {Language and Social Context: Selected Readings},
  author = {Gumperz, J},
  editor = {Giglioli, Pier Paolo},
  year = {1972},
  publisher = {{Harmondsworth : Penguin}},
  urldate = {2020-11-12},
  isbn = {978-0-14-080244-3 978-0-14-022649-2},
  langid = {english}
}

@inproceedings{houghStronglyIncrementalRepair2014a,
  title = {Strongly {{Incremental Repair Detection}}},
  booktitle = {Proceedings of the 2014 {{Conference}} on {{Empirical Methods}} in {{Natural Language Processing}} ({{EMNLP}})},
  author = {Hough, Julian and Purver, Matthew},
  year = {2014},
  pages = {78--89},
  publisher = {{Association for Computational Linguistics}},
  address = {{Doha, Qatar}},
  doi = {10.3115/v1/D14-1009},
  urldate = {2023-01-17},
  langid = {english}
}

@book{jurafskySpeechLanguageProcessing2023,
  title = {Speech and Language Processing: An Introduction to Natural Language Processing, Computational Linguistics, and Speech Recognition},
  shorttitle = {Speech and Language Processing},
  author = {Jurafsky, Dan and Martin, James H.},
  year = {2023},
  month = jan,
  series = {Prentice {{Hall}} Series in Artificial Intelligence},
  edition = {3rd (draft)},
  publisher = {{Pearson Prentice Hall}},
  address = {{Upper Saddle River, N.J}},
  isbn = {978-0-13-187321-6},
  lccn = {P98 .J87 2009},
  annotation = {OCLC: 213375806}
}

@book{mctearConversationalAIDialogue2020,
  title = {Conversational {{AI}}: Dialogue Systems, Conversational Agents, and Chatbots},
  shorttitle = {Conversational {{AI}}},
  author = {McTear, Michael},
  year = {2020},
  series = {Synthesis Digital Library of Engineering and Computer Science},
  publisher = {{Morgan \& Claypool Publishers}},
  address = {{San Rafael, California 1537 Fourth Street Fourth Street, San Rafael, CA 94901 USA}},
  urldate = {2023-01-17},
  collaborator = {{EBSCOhost}},
  isbn = {978-1-63639-032-1},
  langid = {english}
}

@book{mctearConversationalInterfaceTalking2016,
  title = {The {{Conversational Interface}}: {{Talking}} to {{Smart Devices}}},
  shorttitle = {The {{Conversational Interface}}},
  author = {McTear, Michael and Callejas, Zoraida and Griol, David},
  year = {2016},
  publisher = {{Springer International Publishing AG}},
  address = {{Cham, SWITZERLAND}},
  urldate = {2023-01-17},
  isbn = {978-3-319-32967-3}
}

@article{purverComputationalModelsMiscommunication2018,
  title = {Computational {{Models}} of {{Miscommunication Phenomena}}},
  author = {Purver, Matthew and Hough, Julian and Howes, Christine},
  year = {2018},
  journal = {Topics in Cognitive Science},
  volume = {10},
  number = {2},
  pages = {425--451},
  issn = {1756-8765},
  doi = {10.1111/tops.12324},
  urldate = {2022-05-18},
  langid = {english}
}

@incollection{purverDialogueCompoundContributions2014,
  title = {Dialogue and Compound Contributions},
  booktitle = {Natural {{Language Generation}} in {{Interactive Systems}}},
  author = {Purver, Matthew and Hough, Julian and Gregoromichelaki, Eleni},
  editor = {Stent, Amanda and Bangalore, Srinivas},
  year = {2014},
  month = jun,
  edition = {First},
  pages = {63--92},
  publisher = {{Cambridge University Press}},
  doi = {10.1017/CBO9780511844492.004},
  urldate = {2023-01-17},
  isbn = {978-1-107-01002-4 978-0-511-84449-2},
  langid = {english}
}

@book{wittgensteinPhilosophischeUntersuchungenPhilosophical2009,
  title = {{Philosophische Untersuchungen =: Philosophical investigations}},
  shorttitle = {{Philosophische Untersuchungen =}},
  author = {Wittgenstein, Ludwig},
  translator = {Anscombe, G. E. M. and Hacker, P. M. S. and Schulte, Joachim},
  year = {2009},
  edition = {Rev. 4th ed},
  publisher = {{Wiley-Blackwell}},
  address = {{Chichester, West Sussex, U.K. ; Malden, MA}},
  isbn = {978-1-4051-5928-9 978-1-4051-5929-6},
  langid = {ger eng},
  lccn = {B3376.W563 P53 2009}
}
